@online{wiki:js,
    title = "JavaScript",
    url = "https://ru.wikipedia.org/?oldid=107293496"
}

@online{wiki:es,
    title = "ECMAScript",
    url = "https://ru.wikipedia.org/?oldid=108101383",
}

@online{wiki:css,
    title = "CSS",
    url = "https://ru.wikipedia.org/?oldid=107701928"
}

@online{wiki:html,
    title = "HTML",
    url = "https://developer.mozilla.org/en-US/docs/Web/HTML"
}

@online{node.js,
    title={Node.js},
    url={https://nodejs.org},
}

@online{express,
    title={Express},
    url={https://expressjs.com}
}

@online{python,
    title={Python},
    url={https://www.python.org}
}

@online{git,
    title={Git},
    url={https://git-scm.com}
}

@online{eslint,
    title={ESLint},
    url={https://eslint.org}
}

@online{postgres,
    title={PostgreSQL},
    url={https://www.postgresql.org}
}

@online{jest,
    title={Jest},
    url={https://jestjs.io}
}

@online{selenium-python,
    title={Selenium with Python},
    url={https://selenium-python.readthedocs.io}
}

@online{react,
    title={React},
    url={https://reactjs.org}
}

@online{redux,
    title={Redux},
    url={https://redux.js.org}
}

@online{react-router,
    title={React Router},
    url={https://reactrouter.com}
}

@online{scss,
    title={SCSS},
    url={https://sass-lang.com}
}

@online{stylelint,
    title={Stylelint},
    url={https://stylelint.io}
}

@online{webpack,
    title={Webpack},
    url={https://webpack.js.org}
}

@online{seqorm,
    title={Sequelize},
    url={https://sequelize.org}
}

@online{heroku,
    title={Heroku},
    url={https://heroku.com}
}